<record><leader>00000cas a22000007a 4500</leader><controlfield tag="001">52370912</controlfield><controlfield tag="008">030604c19989999orudn ne      0    0eng c</controlfield><datafield ind1=" " ind2=" " tag="010"><subfield code="a">  2003260221</subfield></datafield><datafield ind1=" " ind2=" " tag="040"><subfield code="a">ORU</subfield><subfield code="b">eng</subfield><subfield code="c">ORU</subfield><subfield code="d">OCLCQ</subfield><subfield code="d">OCLCF</subfield><subfield code="d">OCLCO</subfield><subfield code="d">ORU</subfield></datafield><datafield ind1=" " ind2=" " tag="022"><subfield code="y">0747-3443</subfield></datafield><datafield ind1=" " ind2=" " tag="042"><subfield code="a">msc</subfield></datafield><datafield ind1=" " ind2=" " tag="043"><subfield code="a">n-us-or</subfield></datafield><datafield ind1="0" ind2=" " tag="130"><subfield code="a">Dalles chronicle (Dalles, Or. : 1998)</subfield></datafield><datafield ind1="1" ind2="4" tag="245"><subfield code="a">The Dalles chronicle.</subfield></datafield><datafield ind1=" " ind2=" " tag="260"><subfield code="a">The Dalles, OR :</subfield><subfield code="b">M. Roth,</subfield><subfield code="c">1998-</subfield></datafield><datafield ind1=" " ind2=" " tag="300"><subfield code="a">v. :</subfield><subfield code="b">ill.</subfield></datafield><datafield ind1=" " ind2=" " tag="310"><subfield code="a">Daily (Tues.-Fri. and Sun.),</subfield><subfield code="b">&lt;June 5, 2016-&gt;</subfield></datafield><datafield ind1=" " ind2=" " tag="321"><subfield code="a">Daily (except Sat.),</subfield><subfield code="b">1998-&lt;Oct. 31, 2001&gt;</subfield></datafield><datafield ind1="0" ind2=" " tag="362"><subfield code="a">Jan. 4, 1998-</subfield></datafield><datafield ind1=" " ind2=" " tag="530"><subfield code="a">Also issued on microfilm from University of Oregon.</subfield></datafield><datafield ind1=" " ind2=" " tag="588"><subfield code="a">Latest issue consulted: June 5, 2016.</subfield></datafield><datafield ind1=" " ind2="0" tag="651"><subfield code="a">Dalles (Or.)</subfield><subfield code="v">Newspapers.</subfield></datafield><datafield ind1=" " ind2="7" tag="651"><subfield code="a">Oregon</subfield><subfield code="z">Dalles.</subfield><subfield code="2">fast</subfield><subfield code="0">(OCoLC)fst01218827</subfield></datafield><datafield ind1=" " ind2="7" tag="655"><subfield code="a">Newspapers.</subfield><subfield code="2">fast</subfield><subfield code="0">(OCoLC)fst01423814</subfield></datafield><datafield ind1=" " ind2=" " tag="752"><subfield code="a">United States</subfield><subfield code="b">Oregon</subfield><subfield code="c">Wasco</subfield><subfield code="d">Dalles.</subfield></datafield><datafield ind1="0" ind2="0" tag="780"><subfield code="t">Dalles daily chronicle (Dalles, Or. : 1993)</subfield><subfield code="w">(DLC)  2003260220</subfield><subfield code="w">(OCoLC)52370915</subfield></datafield><datafield ind1="1" ind2=" " tag="029"><subfield code="a">AU@</subfield><subfield code="b">000024713964</subfield></datafield></record>